@article {james_tunzelmann_franklin_thorne_2015,
    title = {Gravitational Lensing by Spinning Black Holes in Astrophysics, and in the Movie Interstellar},
    volume = {32},
    DOI = {10.1088/0264-9381/32/6/065001},
    number = {6},
    journal = {Classical and Quantum Gravity},
    author = {James, Oliver and Tunzelmann, Eug√©nie Von and Franklin, Paul and Thorne, Kip S},
    year = {2015},
    pages = {065001}
}

@misc {drakos_moore,
    title = {Orbits of Photons},
    url = {https://hepweb.ucsd.edu/ph110b/110b_notes/node81.html},
    journal = {Classical Mechanics 110B},
    author = {Drakos, Nikos and Moore, Ross}
}

@misc {ng_ragan-kelley,
    title = {Assignment 3-1: Pathtracer},
    url = {https://cs184.eecs.berkeley.edu/sp19/article/18/assignment-3-1-pathtracer},
    journal = {Berkeley cs184/cs284a: Computer Graphics and Imaging},
    author = {Ng, Ren and Ragan-Kelley, Jonathan}
}

@misc {wikipedia_2019,
    title = {Gravitational redshift},
    url = {https://en.wikipedia.org/wiki/Gravitational_redshift},
    journal = {Wikipedia},
    publisher = {Wikimedia Foundation},
    year = {2019},
    month = {Mar}
}

@misc {cornell,
    title={The Cornell Box},
    url={https://www.graphics.cornell.edu/online/box/},
    journal={The Cornell Box}
}
